@article{hplcsim,
author = {Boswell, P. G. and 
	  Stoll, D. R. and 
	  Carr, P. W. and 
	  Nagel, M. L. and 
	  Vitha, M. F. and 
	  Mabbott, G. A.},
title = {An advanced, interactive, high-performance liquid chromatography simulator and instructor resources},
journal = {Journal of Chemical Education},
volume = {90},
number = {2},
pages = {198-202},
year = {2013},
doi = {10.1021/ed300117b},
URL = {http://dx.doi.org/10.1021/ed300117b},
eprint = {http://dx.doi.org/10.1021/ed300117b}
}

@article{spreadsheet,
author = {Ghosh, A. and Morison, D. S. and Anderegg, R. J.},
title = {Simulation of a gas chromatography-mass spectrometry experiment with a commercial spreadsheet program},
journal = {Journal of Chemical Education},
volume = {65},
number = {6},
pages = {A154},
year = {1988},
doi = {10.1021/ed065pA154},
URL = {http://dx.doi.org/10.1021/ed065pA154},
eprint = {http://dx.doi.org/10.1021/ed065pA154}
}

@book{Kolb2003,
title = {Gaschromatographie in Bildern [eine Einführung]},
author = {Kolb, B.},
edition = {2., überarbeitete und erweiterte},
publisher = {Wiley-VCH},
address = {Weinheim},
year = {2003},
pages = {IX, 246 S}
}

@article{MHKR,
  author    = {Marschall, T. and
               Herms, I. and
               Kaltenbach, H.{-}M. and
               Rahmann, S.},
  title     = {Probabilistic Arithmetic Automata and their Applications},
  journal   = {CoRR},
  volume    = {abs/1011.5778},
  year      = {2010},
  url       = {http://arxiv.org/abs/1011.5778},
  timestamp = {Mon, 05 Dec 2011 18:05:33 +0100},
  biburl    = {http://dblp.uni-trier.de/rec/bib/journals/corr/abs-1011-5778},
  bibsource = {dblp computer science bibliography, http://dblp.org}
}

@misc{BSAnalytik,
  howpublished = "\url{http://www.bs-analytik.de/}",
}