@article{Spangler1975,
author = {Spangler, G E and Collins, C I},
doi = {10.1021/ac60353a013},
file = {:home/lambda/diplom/vorlage/literatur/Peak\_Shape\_Analysis\_and\_Plate\_Theory\_for\_Plasma\_Chromatography.pdf:pdf},
issn = {0003-2700},
journal = {Analytical Chemistry},
pages = {403--407},
pmid = {21981411},
title = {{Peak shape analysis and plate theory for plasma chromatography}},
volume = {47},
year = {1975}
}
@article{Moretti2004,
author = {Moretti, P. and Vezzani, S. and Garrone, E. and Castello, G.},
doi = {10.1016/j.chroma.2004.03.039},
file = {:home/lambda/diplom/vorlage/literatur/Evaluation\_and\_prediction\_of\_the\_shape\_of\_gas\_chromatographic\_peaks.pdf:pdf},
issn = {00219673},
journal = {Journal of Chromatography A},
keywords = {capillary columns,curve fitting,gas chromatography,inlet pressure,mathematical modelling,peak shapes},
month = jun,
number = {1-2},
pages = {171--181},
title = {{Evaluation and prediction of the shape of gas chromatographic peaks}},
url = {http://linkinghub.elsevier.com/retrieve/pii/S002196730400490X},
volume = {1038},
year = {2004}
}
@phdthesis{Kopczynski2010,
author = {Kopczynski, Dominik},
file = {:home/lambda/diplom/vorlage/literatur/Diplomarbeit-Kopczynski.pdf:pdf},
title = {{Datenreduktion und Merkmalsextraktion bei Ionen-Mobilit\"{a}ts-Spektrometrie-Messungen}},
year = {2010}
}
@article{obinski1999,
author = {Łobiński, R. and Sidelnikov, V. and Patrushev, Y. and Rodriguez, I. and Wasik, a.},
file = {:home/lambda/.local/share/data/Mendeley Ltd./Mendeley Desktop/Downloaded/Łobiński et al. - 1999 - Multicapillary column gas chromatography with element-selective detection.pdf:pdf},
journal = {TrAC - Trends in Analytical Chemistry},
keywords = {Element-selective detection,Environmental analysis,Inductively coupled plasma mass spectrometry,Microwave-induced plasma atomic emission spectrome,Multicapillary gas chromatography},
number = {7},
pages = {449--460},
title = {{Multicapillary column gas chromatography with element-selective detection}},
volume = {18},
year = {1999}
}
@article{Baumbach1997,
author = {Baumbach, J. I. and Eiceman, G. a. and Klockow, D. and Sielemann, S. and Irmer, a. V.},
doi = {10.1080/03067319708028366},
file = {:home/lambda/.local/share/data/Mendeley Ltd./Mendeley Desktop/Downloaded/Baumbach et al. - 1997 - Exploration of a Multicapillary Column for Use in Elevated Speed Gas Chromatography.pdf:pdf},
issn = {0306-7319},
journal = {International Journal of Environmental Analytical Chemistry},
month = sep,
number = {4},
pages = {225--239},
title = {{Exploration of a Multicapillary Column for Use in Elevated Speed Gas Chromatography}},
url = {http://www.tandfonline.com/doi/abs/10.1080/03067319708028366},
volume = {66},
year = {1997}
}
@article{Marschall2011,
author = {Marschall, Tobias},
file = {:home/lambda/.local/share/data/Mendeley Ltd./Mendeley Desktop/Downloaded/Marschall - 2011 - Algorithms and statistical methods for exact motif discovery.pdf:pdf},
title = {{Algorithms and statistical methods for exact motif discovery}},
url = {http://eldorado.tu-dortmund.de/handle/2003/27760},
year = {2011}
}
@article{Baumbach2009,
author = {Baumbach, J\"{o}rg Ingo},
doi = {10.1088/1752-7155/3/3/034001},
file = {:home/lambda/.local/share/data/Mendeley Ltd./Mendeley Desktop/Downloaded/Baumbach - 2009 - Ion mobility spectrometry coupled with multi-capillary columns for metabolic profiling of human breath.pdf:pdf},
institution = {ISAS-Institute for Analytical Sciences, Department of Metabolomics, Bunsen-Kirchhoff-Stra\ss e 11, 44139 Dortmund, Germany.},
issn = {1752-7163},
journal = {Journal of Breath Research},
month = sep,
number = {3},
pages = {034001},
pmid = {21383463},
title = {{Ion mobility spectrometry coupled with multi-capillary columns for metabolic profiling of human breath.}},
url = {http://www.ncbi.nlm.nih.gov/pubmed/21383463},
volume = {3},
year = {2009}
}

@article{hplcsim,
author = {Boswell, Paul G. and Stoll, Dwight R. and Carr, Peter W. and Nagel, Megan L. and Vitha, Mark F. and Mabbott, Gary A.},
title = {An advanced, interactive, high-performance liquid chromatography simulator and instructor resources},
journal = {Journal of Chemical Education},
volume = {90},
number = {2},
pages = {198-202},
year = {2013},
doi = {10.1021/ed300117b},
URL = {http://dx.doi.org/10.1021/ed300117b},
eprint = {http://dx.doi.org/10.1021/ed300117b}
}

@article{spreadsheet,
author = {Ghosh, Amit and Morison, David S. and Anderegg, Robert J.},
title = {Simulation of a gas chromatography-mass spectrometry experiment with a commercial spreadsheet program},
journal = {Journal of Chemical Education},
volume = {65},
number = {6},
pages = {A154},
year = {1988},
doi = {10.1021/ed065pA154},
URL = {http://dx.doi.org/10.1021/ed065pA154},
eprint = {http://dx.doi.org/10.1021/ed065pA154}
}

@book{Kolb2003,
title = {Gaschromatographie in Bildern [eine Einführung]},
author = {Kolb, Bruno},
edition = {2., überarbeitete und erweiterte},
publisher = {Wiley-VCH},
address = {Weinheim},
year = {2003},
pages = {IX, 246 S}
}

@misc{BSAnalytik,
  howpublished = "\url{http://www.bs-analytik.de/}",
}